%
%  VZOR BIBLIOGRAFICKÉ DATABÁZE PRO AUTOMATICKOU TVORBU SEZNAMU REFERENCÍ 
%  POMOCÍ BibTeXu 
%  
%  AUTOR:   Arnošt Komárek
%           komarek(at)karlin.mff.cuni.cz
%  UPRAVIL: Michal Kulich
%           kulich(at)karlin.mff.cuni.cz
%
%  LOG:    20110714  vytvořeno
%          20130205  upraveno
%  
%
%  Doporučený software pro správu databáze literatury formátu *.bib: 
%    JabRef, http://jabref.sourceforge.net/
%
%  POZOR!
%    1. Písmena v názvech publikací, jež je třeba tisknout vždy velká, se musejí psát 
%       do složených závorek ({T}hailand, {HIV})
%    2. Po každé změně citací v dokumentu a po každé změně v databázi *.bib je třeba 
%       dokument zkompilovat posloupností příkazů latex+bibtex+latex+latex
%
%  ===========================================================================

@article{duncan2000stochastic,
  title={Stochastic calculus for fractional Brownian motion I. Theory},
  author={Duncan, Tyrone E and Hu, Yaozhong and Pasik-Duncan, Bozenna},
  journal={SIAM Journal on Control and Optimization},
  volume={38},
  number={2},
  pages={582--612},
  year={2000},
  publisher={Society for Industrial and Applied Mathematics}
}

@article{duncan2006prediction,
  title={Prediction for some processes related to a fractional Brownian motion},
  author={Duncan, TE},
  journal={Statistics \& probability letters},
  volume={76},
  number={2},
  pages={128--134},
  year={2006},
  publisher={North-Holland}
}

@inproceedings{duncan2009control,
  title={Control of some linear stochastic systems with a fractional Brownian motion},
  author={Duncan, Tyrone E and Pasik-Duncan, Bozenna},
  booktitle={Decision and Control, 2009 held jointly with the 2009 28th Chinese Control Conference. CDC/CCC 2009. Proceedings of the 48th IEEE Conference on},
  pages={8518--8522},
  year={2009},
  organization={IEEE}
}

@inproceedings{duncan2010stochastic,
  title={Stochastic linear-quadratic control for systems with a fractional Brownian motion},
  author={Duncan, Tyrone E and Pasik-Duncan, Bozenna},
  booktitle={Decision and Control (CDC), 2010 49th IEEE Conference on},
  pages={6163--6168},
  year={2010},
  organization={IEEE}
}

@article{duncan2012linear,
  title={Linear-quadratic control for stochastic equations in a Hilbert space with fractional Brownian motions},
  author={Duncan, Tyrone E and Maslowski, B and Pasik-Duncan, Bozenna},
  journal={SIAM Journal on Control and Optimization},
  volume={50},
  number={1},
  pages={507--531},
  year={2012},
  publisher={Society for Industrial and Applied Mathematics}
}

@article{duncan2013linear,
  title={Linear-Quadratic Fractional Gaussian Control},
  author={Duncan, Tyrone E and Pasik-Duncan, Bozenna},
  journal={SIAM Journal on Control and Optimization},
  volume={51},
  number={6},
  pages={4504--4519},
  year={2013},
  publisher={Society for Industrial and Applied Mathematics}
}


@article{hu2005stochastic,
  title={Stochastic control for linear systems driven by fractional noises},
  author={Hu, Yaozhong and Zhou, Xun Yu},
  journal={SIAM journal on control and optimization},
  volume={43},
  number={6},
  pages={2245--2277},
  year={2005},
  publisher={SIAM}
}


@article{kleptsyna2003linear,
  title={About the linear-quadratic regulator problem under a fractional Brownian perturbation},
  author={Kleptsyna, Marina L and Le Breton, Alain and Viot, Michel},
  journal={ESAIM. P\&S},
  volume={7},
  pages={159--168},
  year={2003},
  publisher={EDP Sciences}
}

@article{kleptsyna2005infinite,
  title={On the infinite time horizon linear-quadratic regulator problem under a fractional Brownian perturbation},
  author={Kleptsyna, Marina L and Le Breton, Alain and Viot, Michel},
  journal={ESAIM: Probability and Statistics},
  volume={9},
  pages={185--205},
  year={2005},
  publisher={Cambridge Univ Press}
}

@article{kleptsyna2008separation,
  title={Separation principle in the fractional Gaussian linear-quadratic regulator problem with partial observation},
  author={Kleptsyna, Marina L and Le Breton, Alain and Viot, Michel},
  journal={ESAIM: Probability and Statistics},
  volume={12},
  pages={94--126},
  year={2008},
  publisher={Cambridge Univ Press}
}


@book{nourdin2013selected,
  title={Selected aspects of fractional Brownian motion},
  author={Nourdin, Ivan},
  volume={4},
  year={2013},
  publisher={Springer}
}


